@online{katran,
	title = {Katran},
	subtitle = {A high performance layer 4 load balancer},
	author = {{Facebook Incubator}},
	year = {2020},
	url = {https://github.com/facebookincubator/katran},
	urldate = {2023-04-12},
}

@online{flowtrackd,
	title = {flowtrackd: DDoS Protection with Unidirectional TCP Flow Tracking},
	author = {Omar Yoachimik},
	date = {2020-07-14},
	url = {https://blog.cloudflare.com/announcing-flowtrackd/},
	urldate = {2022-12-29},
}

@online{cilium,
	title = {Cilium},
	subtitle = {Linux Native, API-Aware Networking and Security for Containers},
	author = {{Cilium Authors}},
	year = {2022},
	url = {https://cilium.io},
	urldate = {2022-12-29},
}