@inproceedings{DBLP:conf/usenix/McCanneJ93,
	author    = {Steven McCanne and
	Van Jacobson},
	title     = {The {BSD} Packet Filter: {A} New Architecture for User-level Packet
	Capture},
	booktitle = {Proceedings of the Usenix Winter 1993 Technical Conference, San Diego,
	California, USA, January 1993},
	pages     = {259--270},
	publisher = {{USENIX} Association},
	year      = {1993},
	url       = {https://www.usenix.org/conference/usenix-winter-1993-conference/bsd-packet-filter-new-architecture-user-level-packet},
	timestamp = {Mon, 01 Feb 2021 17:03:06 +0100},
	biburl    = {https://dblp.org/rec/conf/usenix/McCanneJ93.bib},
	bibsource = {dblp computer science bibliography, https://dblp.org}
}

@inproceedings{DBLP:conf/asplos/MianoSRRA22,
	author    = {Sebastiano Miano and
	Alireza Sanaee and
	Fulvio Risso and
	G{\'{a}}bor R{\'{e}}tv{\'{a}}ri and
	Gianni Antichi},
	editor    = {Babak Falsafi and
	Michael Ferdman and
	Shan Lu and
	Thomas F. Wenisch},
	title     = {Domain specific run time optimization for software data planes},
	booktitle = {{ASPLOS} '22: 27th {ACM} International Conference on Architectural
	Support for Programming Languages and Operating Systems, Lausanne,
	Switzerland, 28 February 2022 - 4 March 2022},
	pages     = {1148--1164},
	publisher = {{ACM}},
	year      = {2022},
	url       = {https://doi.org/10.1145/3503222.3507769},
	doi       = {10.1145/3503222.3507769},
	timestamp = {Wed, 02 Mar 2022 18:22:59 +0100},
	biburl    = {https://dblp.org/rec/conf/asplos/MianoSRRA22.bib},
	bibsource = {dblp computer science bibliography, https://dblp.org}
}

@article{DBLP:journals/tnsm/MianoRBBL21,
	author       = {Sebastiano Miano and
	Fulvio Risso and
	Mauricio V{\'{a}}squez Bernal and
	Matteo Bertrone and
	Yunsong Lu},
	title        = {A Framework for eBPF-Based Network Functions in an Era of Microservices},
	journal      = {{IEEE} Trans. Netw. Serv. Manag.},
	volume       = {18},
	number       = {1},
	pages        = {133--151},
	year         = {2021},
	url          = {https://doi.org/10.1109/TNSM.2021.3055676},
	doi          = {10.1109/TNSM.2021.3055676},
	timestamp    = {Tue, 23 Mar 2021 14:12:46 +0100},
	biburl       = {https://dblp.org/rec/journals/tnsm/MianoRBBL21.bib},
	bibsource    = {dblp computer science bibliography, https://dblp.org}
}



@inproceedings{DBLP:conf/sigcomm/TuWAP21,
	author       = {William Tu and
	Yi{-}Hung Wei and
	Gianni Antichi and
	Ben Pfaff},
	editor       = {Fernando A. Kuipers and
	Matthew C. Caesar},
	title        = {Revisiting the {Open vSwitch} Dataplane Ten Years Later},
	booktitle    = {{ACM} {SIGCOMM} 2021 Conference, Virtual Event, USA, August 23-27,
	2021},
	pages        = {245--257},
	publisher    = {{ACM}},
	year         = {2021},
	url          = {https://doi.org/10.1145/3452296.3472914},
	doi          = {10.1145/3452296.3472914},
	timestamp    = {Sat, 09 Apr 2022 12:39:27 +0200},
	biburl       = {https://dblp.org/rec/conf/sigcomm/TuWAP21.bib},
	bibsource    = {dblp computer science bibliography, https://dblp.org}
}

@inproceedings{DBLP:conf/conext/Hoiland-Jorgensen18,
	author    = {Toke H{\o}iland{-}J{\o}rgensen and
	Jesper Dangaard Brouer and
	Daniel Borkmann and
	John Fastabend and
	Tom Herbert and
	David Ahern and
	David Miller},
	editor    = {Xenofontas A. Dimitropoulos and
	Alberto Dainotti and
	Laurent Vanbever and
	Theophilus Benson},
	title     = {The eXpress data path: fast programmable packet processing in the
	operating system kernel},
	booktitle = {Proceedings of the 14th International Conference on emerging Networking
	EXperiments and Technologies, CoNEXT 2018, Heraklion, Greece, December
	04-07, 2018},
	pages     = {54--66},
	publisher = {{ACM}},
	year      = {2018},
	url       = {https://doi.org/10.1145/3281411.3281443},
	doi       = {10.1145/3281411.3281443},
	timestamp = {Wed, 28 Nov 2018 07:43:32 +0100},
	biburl    = {https://dblp.org/rec/conf/conext/Hoiland-Jorgensen18.bib},
	bibsource = {dblp computer science bibliography, https://dblp.org}
}
